<?xml version="1.0" encoding="UTF-8" ?>
<record Numero="13920876" format="InterXMarc_Complet" type="Authority">
<leader>01461c0 au22000272  45  <Pos Code="0004">01461</Pos>
<Pos Code="05" Sens="notice modifiée">c</Pos>
<Pos Code="06" Sens="notice validée par les services d&apos;autorité">0</Pos>
<Pos Code="08" Sens="notice d&apos;autorité">a</Pos>
<Pos Code="09" Sens="titre uniforme musical (TUM)">u</Pos>
<Pos Code="10">2</Pos>
<Pos Code="11">2</Pos>
<Pos Code="1216">00027</Pos>
<Pos Code="17" Sens="autres cas">2</Pos>
<Pos Code="20">4</Pos>
<Pos Code="21">5</Pos>
</leader>
<controlfield tag="001">FRBNF139208760<Pos Code="0001">FR</Pos>
<Pos Code="0204">BNF</Pos>
<Pos Code="0512">13920876</Pos>
<Pos Code="13">0</Pos>
</controlfield>
<controlfield tag="008">890821150123yyger op        1928                             010 <Pos Code="0001">89</Pos>
<Pos Code="0203">08</Pos>
<Pos Code="0405">21</Pos>
<Pos Code="0607">15</Pos>
<Pos Code="0809">01</Pos>
<Pos Code="1011">23</Pos>
<Pos Code="1213" Sens="ne s&apos;applique pas">yy</Pos>
<Pos Code="1416" Sens="allemand">ger</Pos>
<Pos Code="1820" Sens="opéra [drame lyrique => opéra, melodramma => opéra]">op </Pos>
<Pos Code="2831">1928</Pos>
<Pos Code="61" Sens="La vedette peut être liée à une notice bibliographique pour les accès signalétiques et/ou pour l&apos;accès matière RAMEAU">0</Pos>
<Pos Code="62" Sens="La vedette ne peut s&apos;employer qu&apos;en tête de vedette">1</Pos>
<Pos Code="63" Sens="La vedette n&apos;admet pas de subdivision géographique">0</Pos>
</controlfield>
<datafield tag="048" ind1=" " ind2=" ">
	<subfield code="b">va03<Pos Code="0001" Sens="voix - soprano">va</Pos>
<Pos Code="02">0</Pos>
<Pos Code="03">3</Pos>
</subfield>
	<subfield code="b">vc01<Pos Code="0001" Sens="voix - alto">vc</Pos>
<Pos Code="02">0</Pos>
<Pos Code="03">1</Pos>
</subfield>
	<subfield code="b">vd01<Pos Code="0001" Sens="voix - ténor">vd</Pos>
<Pos Code="02">0</Pos>
<Pos Code="03">1</Pos>
</subfield>
	<subfield code="b">ve01<Pos Code="0001" Sens="voix - baryton">ve</Pos>
<Pos Code="02">0</Pos>
<Pos Code="03">1</Pos>
</subfield>
	<subfield code="a">cn01<Pos Code="0001" Sens="choeurs - non spécifié">cn</Pos>
<Pos Code="02">0</Pos>
<Pos Code="03">1</Pos>
</subfield>
	<subfield code="a">oa01<Pos Code="0001" Sens="orchestre - orchestre symphonique XIXe-XXe s.">oa</Pos>
<Pos Code="02">0</Pos>
<Pos Code="03">1</Pos>
</subfield>
</datafield>
<datafield tag="100" ind1=" " ind2=" ">
	<subfield code="3">13901071</subfield>
	<subfield code="w"> 0  b     </subfield>
	<subfield code="a">Weill</subfield>
	<subfield code="m">Kurt</subfield>
	<subfield code="d">1900-1950</subfield>
</datafield>
<datafield tag="144" ind1="1" ind2=" ">
	<subfield code="w">....b.ger.</subfield>
	<subfield code="a" Barre="4">Die Dreigroschenoper</subfield>
</datafield>
<datafield tag="301" ind1="2" ind2=" ">
	<subfield code="3">13920877</subfield>
	<subfield code="a">Weill</subfield>
	<subfield code="m">Kurt</subfield>
	<subfield code="d">1900-1950</subfield>
	<subfield code="t">[Kleine Dreigroschenmusik]</subfield>
</datafield>
<datafield tag="302" ind1=" " ind2=" ">
	<subfield code="3">16510001</subfield>
	<subfield code="a">Weill</subfield>
	<subfield code="m">Kurt</subfield>
	<subfield code="d">1900-1950</subfield>
	<subfield code="t" Barre="5">[Die Dreigroschenoper. Die |Moritat von Mackie Messer]</subfield>
</datafield>
<datafield tag="302" ind1=" " ind2=" ">
	<subfield code="3">13872836</subfield>
	<subfield code="a">Weill</subfield>
	<subfield code="m">Kurt</subfield>
	<subfield code="d">1900-1950</subfield>
	<subfield code="t" Barre="5">[Die Dreigroschenoper. 1. Aufzug. Barbara Song]</subfield>
</datafield>
<datafield tag="322" ind1="6" ind2=" ">
	<subfield code="3">11893857</subfield>
	<subfield code="9">100</subfield>
	<subfield code="w">.0..b.....</subfield>
	<subfield code="a">Brecht</subfield>
	<subfield code="m">Bertolt</subfield>
	<subfield code="d">1898-1956</subfield>
</datafield>
<datafield tag="322" ind1="6" ind2=" ">
	<subfield code="3">12208311</subfield>
	<subfield code="9">100</subfield>
	<subfield code="w">.0..b.....</subfield>
	<subfield code="a">Hauptmann</subfield>
	<subfield code="m">Elisabeth</subfield>
	<subfield code="d">1897-1973</subfield>
</datafield>
<datafield tag="444" ind1="1" ind2=" ">
	<subfield code="w">....b.fre.</subfield>
	<subfield code="a" Barre="2">L&apos;opéra de quat&apos;sous</subfield>
</datafield>
<datafield tag="444" ind1="1" ind2=" ">
	<subfield code="w">....b.eng.</subfield>
	<subfield code="a" Barre="4">The threepenny opera</subfield>
</datafield>
<datafield tag="600" ind1=" " ind2=" ">
	<subfield code="a">Pièce avec musique en 3 actes</subfield>
	<subfield code="a">Livret de Bertolt Brecht et Elisabeth Hauptmann, d&apos;après &quot;The beggar&apos;s opera&quot; de John Gay</subfield>
	<subfield code="a">1re exécution : Berlin, Theater am Schiffbauerdamm, le 31 août 1928, avec Lotte Lenya (soprano)</subfield>
</datafield>
<datafield tag="600" ind1=" " ind2=" ">
	<subfield code="a">Le compositeur en a tiré une suite pour instruments à vent intitulée &quot;Kleine Dreigroschenmusik&quot;</subfield>
</datafield>
<datafield tag="608" ind1=" " ind2=" ">
	<subfield code="b">Jenny, Lucy, Polly (sopranos)</subfield>
	<subfield code="b">Frau Peachum (alto)</subfield>
	<subfield code="b">Macheath (ténor)</subfield>
	<subfield code="b">Brown, Jonathan Peachum, Moritätensänger (barytons)</subfield>
</datafield>
<datafield tag="610" ind1=" " ind2=" ">
	<subfield code="a">Grove opera</subfield>
	<subfield code="u">http://www.oxfordmusiconline.com</subfield>
	<subfield code="d">2015-01-23</subfield>
</datafield>
<datafield tag="624" ind1=" " ind2=" ">
	<subfield code="a">780<Pos Code="0002" Sens="Musique">780</Pos>
</subfield>
</datafield>
<datafield tag="907" ind1=" " ind2=" ">
	<subfield code="o">GEA</subfield>
	<subfield code="a">006466873</subfield>
</datafield>
<datafield tag="917" ind1=" " ind2=" ">
	<subfield code="o">OPL</subfield>
	<subfield code="a">011871656</subfield>
</datafield>
<datafield tag="917" ind1=" " ind2=" ">
	<subfield code="o">OPC</subfield>
	<subfield code="a">100510270</subfield>
</datafield>
<datafield tag="917" ind1=" " ind2=" ">
	<subfield code="o">OPD</subfield>
	<subfield code="a">100428920</subfield>
	<subfield code="b">AMA</subfield>
</datafield>
<datafield tag="917" ind1=" " ind2=" ">
	<subfield code="o">OPD</subfield>
	<subfield code="a">100301790</subfield>
	<subfield code="b">ATUM</subfield>
</datafield>
<datafield tag="996" ind1=" " ind2=" ">
	<subfield code="o">OPP</subfield>
	<subfield code="a">14806366</subfield>
	<subfield code="d">20150115</subfield>
</datafield>
<datafield tag="996" ind1=" " ind2=" ">
	<subfield code="o">OPP</subfield>
	<subfield code="a">16302818</subfield>
	<subfield code="d">20150115</subfield>
</datafield>
<datafield tag="996" ind1=" " ind2=" ">
	<subfield code="o">OPP</subfield>
	<subfield code="a">13872834</subfield>
	<subfield code="d">20150115</subfield>
</datafield>
<Alter Ori="13901071">
<datafield tag="031" ind1=" " ind2=" ">
	<subfield code="a">0000000114753562</subfield>
	<subfield code="2" Sens="ISNI chargé à partir de VIAF">VIAF</subfield>
	<subfield code="d">20130731<Pos Code="0003">2013</Pos>
<Pos Code="0407" Sens="31 juillet">0731</Pos>
</subfield>
</datafield>
</Alter>
<Attr Nom="IDPerenne">ark:/12148/cb139208760</Attr>
<Attr Nom="NumSource">GEA 006466873</Attr>
<Attr Nom="Source" Sens="BnF catalogue général (depuis 1999)">A</Attr>
<Attr Nom="NumAutoriteLiee">139010711392087716510001138728361189385712208311</Attr>
<Attr Nom="DateCreation">21/08/ 1989</Attr>
<Attr Nom="ResponsableCreation">MIGV2</Attr>
<Attr Nom="StructCreation">1</Attr>
<Attr Nom="DateDerniereValidation">23/01/ 2015</Attr>
<Attr Nom="ResponsableDerniereValidation">PUYRENIER FREDERIC</Attr>
<Attr Nom="StructPremiereValidation">1</Attr>
<Attr Nom="DatePremiereValidation">21/08/ 1989</Attr>
<Attr Nom="ResponsablePremiereValidation">MIGV2</Attr>
<Attr Nom="StructDerniereValidation">82</Attr>
<Attr Nom="NumSource" Rep="1">OPL 011871656</Attr>
<Attr Nom="NumSource" Rep="2">OPC 100510270</Attr>
<Attr Nom="NumSource" Rep="3">OPD 100428920</Attr>
<Attr Nom="NumSource" Rep="4">OPD 100301790</Attr>
<Attr Nom="NumSource" Rep="5">OPP 14806366</Attr>
<Attr Nom="NumSource" Rep="6">OPP 16302818</Attr>
<Attr Nom="NumSource" Rep="7">OPP 13872834</Attr>
</record>
